<record><leader>00000cas a22000007a 4500</leader><controlfield tag="001">19739088</controlfield><controlfield tag="008">890519d19741983mduwr ne      0    0eng d</controlfield><datafield ind1=" " ind2=" " tag="010"><subfield code="a">sn 89061504 </subfield></datafield><datafield ind1=" " ind2=" " tag="040"><subfield code="a">MFN</subfield><subfield code="b">eng</subfield><subfield code="c">MFN</subfield><subfield code="d">OCLCQ</subfield></datafield><datafield ind1=" " ind2=" " tag="042"><subfield code="a">msc</subfield></datafield><datafield ind1="0" ind2=" " tag="130"><subfield code="a">Sentinel Prince George's (Hyattsville, Md.)</subfield></datafield><datafield ind1="1" ind2="4" tag="245"><subfield code="a">The sentinel Prince George's.</subfield></datafield><datafield ind1="1" ind2="7" tag="246"><subfield code="a">Prince George's sentinel</subfield></datafield><datafield ind1=" " ind2=" " tag="260"><subfield code="a">Hyattsville, Md. :</subfield><subfield code="b">Morkap Pub. Co.</subfield></datafield><datafield ind1=" " ind2=" " tag="300"><subfield code="a">v.</subfield></datafield><datafield ind1=" " ind2=" " tag="310"><subfield code="a">Weekly</subfield></datafield><datafield ind1="0" ind2=" " tag="362"><subfield code="a">7th year, no. 47 (Aug. 14, 1974)-16th year, no. 32 (Aug. 11, 1983).</subfield></datafield><datafield ind1=" " ind2=" " tag="580"><subfield code="a">Other eds.: Sentinel southern Prince George's; Sentinel Laurel; Sentinel Prince George's (Hyattsville, Md. : Laurel ed.).</subfield></datafield><datafield ind1=" " ind2=" " tag="752"><subfield code="a">United States</subfield><subfield code="b">Maryland</subfield><subfield code="c">Prince George's</subfield><subfield code="d">Hyattsville.</subfield></datafield><datafield ind1="1" ind2=" " tag="775"><subfield code="t">Sentinel southern Prince George's</subfield><subfield code="w">(DLC)sn 89061505</subfield></datafield><datafield ind1="1" ind2=" " tag="775"><subfield code="t">Sentinel Laurel</subfield><subfield code="w">(DLC)sn 89061526</subfield></datafield><datafield ind1="1" ind2=" " tag="775"><subfield code="t">Sentinel Prince George's (Hyattsville, Md. : Laurel ed.)</subfield><subfield code="w">(DLC)sn 89061527</subfield></datafield><datafield ind1="0" ind2="0" tag="780"><subfield code="t">Prince George's sentinel (Adelphi, Md.)</subfield><subfield code="w">(DLC)sn 90057063</subfield></datafield><datafield ind1="0" ind2="0" tag="785"><subfield code="t">Sentinel Prince George's County</subfield><subfield code="w">(DLC)sn 89061506</subfield></datafield></record>